
@book{ogata2011engenharia,
  title={Engenharia de controle moderno},
  author={Ogata, K.},
  isbn={9788576058106},
  year={2011},
  publisher={PRENTICE HALL BRASIL}
}
@article{doscontrole,
  title={CONTROLE DO CONVERSOR CC-CC BUCK UTILIZANDO COMUNICACAO ENTRE O ARDUINO E SIMULINK},
  author={dos Santos, Rhonei Patric and Garcia, Lucas Sampaio}
}
@book{teixeira2010controles,
  title={Controles t{\'\i}picos de equipamentos e processos industriais},
  author={Teixeira, Eng Herbert Campos Gon{\c{c}}alves and others},
  year={2010},
  publisher={Editora Blucher}
}
@misc{auttom,
author = {AUTTOM},
title = {Planta de Controle de Nível e Temperatura},
note = {Disponível em: \url{encurtador.com.br/ilzR7}. Acesso em: 5 dez 2019.}
}

